<record><leader>00000cas a2200000 a 4500</leader><controlfield tag="001">5733573</controlfield><controlfield tag="008">791127d197919uumouwr ne      0   a0eng d</controlfield><controlfield tag="009">467</controlfield><datafield ind1=" " ind2=" " tag="010"><subfield code="a">sn 79007771 </subfield></datafield><datafield ind1=" " ind2=" " tag="040"><subfield code="a">NSD</subfield><subfield code="b">eng</subfield><subfield code="c">NSD</subfield><subfield code="d">MQN</subfield><subfield code="d">NSD</subfield><subfield code="d">OCL</subfield><subfield code="d">OCLCQ</subfield></datafield><datafield ind1=" " ind2=" " tag="012"><subfield code="k">1</subfield><subfield code="l">1</subfield><subfield code="m">d</subfield></datafield><datafield ind1="1" ind2=" " tag="022"><subfield code="a">0199-252X</subfield><subfield code="l">0199-252X</subfield><subfield code="2">1</subfield></datafield><datafield ind1="1" ind2=" " tag="029"><subfield code="a">AU@</subfield><subfield code="b">000020596710</subfield></datafield><datafield ind1=" " ind2=" " tag="042"><subfield code="a">nsdp</subfield></datafield><datafield ind1=" " ind2="0" tag="222"><subfield code="a">Wentzville union and St. Charles county record</subfield></datafield><datafield ind1="0" ind2="0" tag="245"><subfield code="a">Wentzville union and St. Charles County record.</subfield></datafield><datafield ind1="3" ind2=" " tag="246"><subfield code="a">Wentzville union and Saint Charles county record</subfield></datafield><datafield ind1=" " ind2=" " tag="260"><subfield code="a">Wentzville, Mo., :</subfield><subfield code="b">Press-Journal Pub. Co.,</subfield><subfield code="c">1979-</subfield></datafield><datafield ind1=" " ind2=" " tag="310"><subfield code="a">Weekly</subfield></datafield><datafield ind1="0" ind2=" " tag="362"><subfield code="a">Vol. 89, no. 7 (Nov. 7, 1979)-</subfield></datafield><datafield ind1=" " ind2=" " tag="752"><subfield code="a">United States</subfield><subfield code="b">Missouri</subfield><subfield code="c">Saint Charles</subfield><subfield code="d">Wentzville.</subfield></datafield><datafield ind1="0" ind2="0" tag="780"><subfield code="t">Wentzville union</subfield><subfield code="w">(OCoLC)4204337</subfield><subfield code="w">(DLC)sn 78006122</subfield></datafield><datafield ind1="0" ind2="0" tag="785"><subfield code="t">St. Charles County business record</subfield><subfield code="x">1523-6358</subfield><subfield code="w">(DLC)sn 99003332</subfield></datafield><datafield ind1=" " ind2=" " tag="936"><subfield code="a">Nov. 7, 1979</subfield></datafield></record>